<?xml version="1.0" encoding="UTF-8"?>
<collection xmlns:xsi="http://www.w3.org/2001/XMLSchema-instance" xsi:schemaLocation="http://www.loc.gov/MARC21/slim http://www.loc.gov/standards/marcxml/schema/MARC21slim.xsd" xmlns="http://www.loc.gov/MARC21/slim">
<record>
  <leader>00687cam a22002291  4500</leader>
  <controlfield tag="001">3079774</controlfield>
  <controlfield tag="003">NNC</controlfield>
  <controlfield tag="005">20140922164731.0</controlfield>
  <controlfield tag="008">991210q1906    ir            000 0 ara d</controlfield>
  <datafield tag="035" ind1=" " ind2=" ">
    <subfield code="a">(OCoLC)ocm42967627</subfield>
  </datafield>
  <datafield tag="035" ind1=" " ind2=" ">
    <subfield code="9">ATQ4783CU</subfield>
  </datafield>
  <datafield tag="035" ind1=" " ind2=" ">
    <subfield code="a">(NNC)3079774</subfield>
  </datafield>
  <datafield tag="040" ind1=" " ind2=" ">
    <subfield code="a">PUL</subfield>
    <subfield code="c">PUL</subfield>
    <subfield code="d">ZCU</subfield>
  </datafield>
  <datafield tag="041" ind1="0" ind2=" ">
    <subfield code="a">araper</subfield>
  </datafield>
  <datafield tag="099" ind1=" " ind2=" ">
    <subfield code="a">893.791</subfield>
    <subfield code="a">M8947</subfield>
  </datafield>
  <datafield tag="100" ind1="1" ind2=" ">
    <subfield code="a">Mufīd, Muḥammad ibn Muḥammad,</subfield>
    <subfield code="d">-1022.</subfield>
  </datafield>
  <datafield tag="245" ind1="0" ind2="3">
    <subfield code="a">al-Nukat al-iʻtiqādīyah,</subfield>
    <subfield code="b">bā tarjameh-yi Fārsī ba-qalam-i Muḥammad Taqī Danish-Pazhūh.</subfield>
  </datafield>
  <datafield tag="260" ind1=" " ind2=" ">
    <subfield code="a">Tehran,</subfield>
    <subfield code="b">Chāpkhāneh-yi Iqbāl,</subfield>
    <subfield code="c">1324 [1906]</subfield>
  </datafield>
  <datafield tag="300" ind1=" " ind2=" ">
    <subfield code="a">7, 40 p.</subfield>
    <subfield code="c">21 cm.</subfield>
  </datafield>
  <datafield tag="546" ind1=" " ind2=" ">
    <subfield code="a">In Arabic and Persian.</subfield>
  </datafield>
  <datafield tag="650" ind1=" " ind2="0">
    <subfield code="a">Islam.</subfield>
  </datafield>
  <datafield tag="955" ind1=" " ind2=" ">
    <subfield code="b">CU58894250</subfield>
    <subfield code="d">off,glx</subfield>
    <subfield code="e">893.791 M8947</subfield>
  </datafield>
</record>
</collection>